<record><leader>00000cas a2200000Ia 4500</leader><controlfield tag="001">34137915</controlfield><controlfield tag="008">960205c19959999miuwr ne      0    0eng d</controlfield><datafield ind1=" " ind2=" " tag="010"><subfield code="a">sn 96076527 </subfield></datafield><datafield ind1=" " ind2=" " tag="040"><subfield code="a">EEX</subfield><subfield code="b">eng</subfield><subfield code="c">EEX</subfield><subfield code="d">MHN</subfield><subfield code="d">OCL</subfield><subfield code="d">OCLCQ</subfield><subfield code="d">OCLCF</subfield><subfield code="d">OCLCO</subfield></datafield><datafield ind1=" " ind2=" " tag="043"><subfield code="a">n-us-mi</subfield></datafield><datafield ind1="0" ind2="0" tag="245"><subfield code="a">Detroit Sunday journal.</subfield></datafield><datafield ind1=" " ind2=" " tag="260"><subfield code="a">Detroit, Mich. :</subfield><subfield code="b">Detroit Sunday Journal, Inc.</subfield></datafield><datafield ind1=" " ind2=" " tag="300"><subfield code="a">v. :</subfield><subfield code="b">ill. ;</subfield><subfield code="c">35 cm.</subfield></datafield><datafield ind1=" " ind2=" " tag="310"><subfield code="a">Weekly</subfield></datafield><datafield ind1="0" ind2=" " tag="362"><subfield code="a">Vol. 1, no. 1 (Nov. 19, 1995)-</subfield></datafield><datafield ind1=" " ind2=" " tag="500"><subfield code="a">"A publication by striking Detroit newspaper workers."</subfield></datafield><datafield ind1=" " ind2=" " tag="500"><subfield code="a">"Published ... for the duration of the current labor dispute at the Detroit Free Press, Detroit News and Detroit Newspapers, Inc. The Journal will cease publication when members of the six striking unions reach contract agreements with the companies."</subfield></datafield><datafield ind1=" " ind2=" " tag="500"><subfield code="a">Also "appears daily on the World Wide Web at http://www.rust.net/w&#771;orkers/strike.html."</subfield></datafield><datafield ind1=" " ind2=" " tag="530"><subfield code="a">Internet news service available via World Wide Web: Detroit journal (Detroit, Mich. : Online).</subfield></datafield><datafield ind1=" " ind2="0" tag="651"><subfield code="a">Detroit (Mich.)</subfield><subfield code="v">Newspapers.</subfield></datafield><datafield ind1=" " ind2="0" tag="651"><subfield code="a">Wayne County (Mich.)</subfield><subfield code="v">Newspapers.</subfield></datafield><datafield ind1=" " ind2="7" tag="655"><subfield code="a">Newspapers.</subfield><subfield code="2">fast</subfield><subfield code="0">(OCoLC)fst01423814</subfield></datafield><datafield ind1=" " ind2="7" tag="651"><subfield code="a">Michigan</subfield><subfield code="z">Detroit.</subfield><subfield code="2">fast</subfield><subfield code="0">(OCoLC)fst01205010</subfield></datafield><datafield ind1=" " ind2="7" tag="651"><subfield code="a">Michigan</subfield><subfield code="z">Wayne County.</subfield><subfield code="2">fast</subfield><subfield code="0">(OCoLC)fst01206628</subfield></datafield><datafield ind1="0" ind2=" " tag="740"><subfield code="a">Detroit journal.</subfield></datafield><datafield ind1=" " ind2=" " tag="752"><subfield code="a">United States</subfield><subfield code="b">Michigan</subfield><subfield code="c">Wayne</subfield><subfield code="d">Detroit.</subfield></datafield><datafield ind1="1" ind2=" " tag="775"><subfield code="t">Detroit journal (Detroit, Mich. : Online)</subfield><subfield code="w">(DLC)sn 97063363</subfield><subfield code="w">(OCoLC)37020509</subfield></datafield><datafield ind1="4" ind2=" " tag="856"><subfield code="z">Internet news service</subfield><subfield code="u">http://www.rust.net/%7Eworkers/strike.html</subfield></datafield></record>